<record><leader>00000cas a22000007a 4500</leader><controlfield tag="001">39271419</controlfield><controlfield tag="008">980611d184u1845mauwr ne      0    0eng d</controlfield><datafield ind1=" " ind2=" " tag="010"><subfield code="a">sn 98059902 </subfield></datafield><datafield ind1=" " ind2=" " tag="040"><subfield code="a">MGN</subfield><subfield code="b">eng</subfield><subfield code="c">MGN</subfield><subfield code="d">OCLCG</subfield><subfield code="d">HLS</subfield><subfield code="d">OCLCQ</subfield><subfield code="d">OCLCF</subfield><subfield code="d">OCLCO</subfield></datafield><datafield ind1=" " ind2=" " tag="042"><subfield code="a">msc</subfield></datafield><datafield ind1="0" ind2="0" tag="245"><subfield code="a">Advent herald and signs of the times reporter.</subfield></datafield><datafield ind1="1" ind2="3" tag="246"><subfield code="a">Advent herald &amp; reporter</subfield></datafield><datafield ind1="3" ind2="0" tag="246"><subfield code="a">Advent herald and reporter</subfield></datafield><datafield ind1=" " ind2=" " tag="260"><subfield code="a">Boston [Mass.] :</subfield><subfield code="b">J.V. Himes</subfield></datafield><datafield ind1=" " ind2=" " tag="300"><subfield code="a">volumes</subfield></datafield><datafield ind1=" " ind2=" " tag="310"><subfield code="a">Weekly</subfield></datafield><datafield ind1=" " ind2=" " tag="336"><subfield code="a">text</subfield><subfield code="b">txt</subfield><subfield code="2">rdacontent</subfield></datafield><datafield ind1=" " ind2=" " tag="337"><subfield code="a">unmediated</subfield><subfield code="b">n</subfield><subfield code="2">rdamedia</subfield></datafield><datafield ind1=" " ind2=" " tag="338"><subfield code="a">volume</subfield><subfield code="b">nc</subfield><subfield code="2">rdacarrier</subfield></datafield><datafield ind1="0" ind2=" " tag="362"><subfield code="a">-v. 9, no. 26 (Aug. 6, 1845) = -whole no. 222.</subfield></datafield><datafield ind1=" " ind2=" " tag="588"><subfield code="a">Description based on: Vol. 8, no. 4 (Aug. 28, 1844) = whole no. 174.</subfield></datafield><datafield ind1=" " ind2="0" tag="650"><subfield code="a">Millerite movement</subfield><subfield code="v">Periodicals.</subfield></datafield><datafield ind1=" " ind2="0" tag="650"><subfield code="a">Adventists</subfield><subfield code="v">Periodicals.</subfield></datafield><datafield ind1="0" ind2="0" tag="630"><subfield code="a">Bible</subfield><subfield code="x">Prophecies</subfield><subfield code="v">Periodicals.</subfield></datafield><datafield ind1=" " ind2="7" tag="655"><subfield code="a">Periodicals.</subfield><subfield code="2">fast</subfield><subfield code="0">(OCoLC)fst01411641</subfield></datafield><datafield ind1="0" ind2="7" tag="630"><subfield code="a">Bible.</subfield><subfield code="2">fast</subfield><subfield code="0">(OCoLC)fst01356024</subfield></datafield><datafield ind1=" " ind2="7" tag="650"><subfield code="a">Adventists.</subfield><subfield code="2">fast</subfield><subfield code="0">(OCoLC)fst00797436</subfield></datafield><datafield ind1=" " ind2="7" tag="650"><subfield code="a">Millerite movement.</subfield><subfield code="2">fast</subfield><subfield code="0">(OCoLC)fst01021792</subfield></datafield><datafield ind1=" " ind2="7" tag="650"><subfield code="a">Prophecies.</subfield><subfield code="2">fast</subfield><subfield code="0">(OCoLC)fst01079193</subfield></datafield><datafield ind1="1" ind2=" " tag="700"><subfield code="a">Himes, Joshua V.</subfield><subfield code="q">(Joshua Vaughan),</subfield><subfield code="d">1805-1895.</subfield></datafield><datafield ind1=" " ind2=" " tag="752"><subfield code="a">United States</subfield><subfield code="b">Massachusetts</subfield><subfield code="c">Suffolk</subfield><subfield code="d">Boston.</subfield></datafield><datafield ind1="0" ind2="0" tag="785"><subfield code="t">Advent herald, and morning watch</subfield><subfield code="w">(DLC)sn 90000508</subfield></datafield></record>